@online{Cyberessentials,
    author = "National Cyber Security Centre",
    title = "\textit{Cyberessentials Plus}",
    url  = "https://www.cyberessentials.ncsc.gov.uk/",
    addendum = "(accessed: 3.6.2019)",
    keywords = "cyberessentials"
}

@article{carter2015social,
  title={"{The social licence for research: why care.data ran into trouble}"},
  author={Carter, Pam and Laurie, Graeme T and Dixon-Woods, Mary},
  journal={Journal of medical ethics},
  volume={41},
  number={5},
  pages={404--409},
  year={2015},
  publisher={Institute of Medical Ethics}
}

@online{openstack,
    author = {openstack},
    title = {\textit{OpenStack marketplace private clouds}},
    url  = {https://www.openstack.org/marketplace/hosted-private-clouds/},
    addendum = {(accessed: 3.6.2019)},
    keywords = "openstack"
}


@online{ctp,
    author = "Radiological Society of North America",
    title = "\textit{The Clinical Trials Processor}",
    url  = "https://mircwiki.rsna.org/index.php?title=CTP-The_RSNA_Clinical_Trial_Processor",
    addendum = "(accessed: 12.04.2019)",
    keywords = "research"
}

@online{maru,
    author = "Alan Turing Institute",
    title = "{\textit{MARU Project: Security in the Cloud}}",
    url  = "https://www.turing.ac.uk/research/research-projects/security-cloud",
    addendum = "(accessed: 02.07.2019)",
    keywords = "MARU"
}

@article{marcus2007xnat,
  title={"{The extensible neuroimaging archive toolkit—an informatics platform for managing, exploring, and sharing neuroimaging data}"},
  author={Marcus, DS and Olsen, T.R. Olsen and Ramaratnam, M and Buckner, R.L.},
  journal={Neuroinformatics},
  volume={5},
  pages={11-33},
  year={2007},
  publisher={Springer}
}


@article{harrigan2016van,
  title={"{Vanderbilt University Institute of Imaging Science Center for Computational Imaging XNAT: A multimodal data archive and processing environment}"},
  author={Harrigan, RL and Yvernault, BC and Boyd, BD and Damon, SM and Gibney, KD and Conrad, BN and Phillips, NS and Rogers, BP and Gao, Y and Landman, BA},
  journal={Neuroimage},
  volume={124(Pt B)},
  pages={1097-1101},
  year={2016},
  publisher={Elsevier}
}


@article{jones2016uk,
  title={"{The UK Secure eResearch Platform for public health research: a case study}"},
  author={Jones, Kerina Helen and Ford, David Vincent and Ellwood-Thompson, Simon and Lyons, Ronan Anthony},
  journal={The Lancet},
  volume={388},
  pages={S62},
  year={2016},
  publisher={Elsevier}
}


@online{SAILdatabankbrochure,
    author = "SAIL Databank",
    title = "{\textit{UKSeRP Brochure}}",
    url  = "https://saildatabank.com/wp-content/uploads/UKSeRP_Brochure_v1.5.pdf",
    addendum = "(accessed: 16.05.2019)",
    keywords = "brochure"
}


@online{dementiasplatform,
    author = "Medical Research Council",
    title = "{\textit{Dementias Platform UK}}",
    url  = "https://www.dementiasplatform.uk",
    addendum = "(accessed: 24.09.2018)",
    keywords = "dementias"
}

@online{eDRIS,
    author = "Information Services Division Scotland",
    title = "{\textit{electronic Data and Research Innovation Service}}",
    url  = "https://www.isdscotland.org/Products-and-Services/EDRIS/",
    addendum = "(accessed: 16.05.2019)",
    keywords = "eDRIS"
}


@online{SecureDataLab,
    author = "UK Data Service",
    title = "{\textit{Secure Data Lab}}",
    url  = "https://www.ukdataservice.ac.uk/use-data/secure-lab/about.aspx",
    addendum = "(accessed: 16.05.2019)",
    keywords = "Lab"
}



@online{SecureResearchService,
    author = "Office for National Statistics",
    title = "{\textit{Annual Report on ONS Research Support and Data Access, 2017-18}}",
    url  = "https://www.ons.gov.uk/file?uri=/aboutus/whatwedo/statistics/consultationsandsurveys/allconsultationsandsurveys/approvedresearcherconsultation/rsdaevaluationreport2018.pdf",
    addendum = "(accessed: 16.05.2019)",
    keywords = "ONS"
}


@online{IAB,
    author = "\textit{Institut für Arbeitsmarkt} (Germany)",
    title = "{\textit{Research Data Centre (FDZ) of the Federal Employment Agency}}",
    url  = "https://fdz.iab.de/en.aspx",
    addendum = "(accessed: 16.05.2019)",
    keywords = "Germany"
}


@online{CASD,
    author = "\textit{Centre d’accès sécurisé aux données} (France)",
    title = "{\textit{CASD website}}",
    url  = "https://www.casd.eu/en/",
    addendum = "(accessed: 16.05.2019)",
    keywords = "France"
}


@online{IDAN,
    author = "International Data Access Network",
    title = "{\textit{International Data Access Network}}",
    url  = "https://idan.network/”,
    addendum = "(accessed: 16.05.2019)",
    keywords = "International"
}


@online{dataworld,
    author = "data.world",
    title = "\textit{data.world catalog}",
    url  = "https://data.world",
    addendum = "(accessed: 24.09.2018)",
    keywords = "data"
}


@online{aridhia,
    author = "Aridhia",
    title = "{\textit{AnalytiXagility Digital Research Environment}}",
    url  = "https://www.aridhia.com/product/?ref=Home",
    addendum = "(accessed: 24.09.2018)",
    keywords = "research"
}


@online{ranger,
    author = "Apache Foundation",
    title = "{\textit{Apache Ranger}}",
    url  = "https://ranger.apache.org",
    addendum = "(accessed: 24.09.2018)",
    keywords = "security"
}



@online{sdx,
    author = "Cloudera",
    title = "{\textit{Cloudera Enterprise Data Hub}}",
    url  = "https://www.cloudera.com/products/sdx.html",
    addendum = "(accessed: 24.09.2018)",
    keywords = "shared data exchange"
}


@online{dataredaction,
    author = "Cloudera",
    title = "{\textit{Sensitive Data Redaction}}",
    url  = "https://www.cloudera.com/documentation/enterprise/5-4-x/topics/sg_redaction.html",
    addendum = "(accessed: 24.09.2018)",
    keywords = "sensitive data"
}



@online{HIPAA,
    author = "Microsoft Azure",
    title = "{\textit{Azure Security and Compliance Blueprint - HIPAA/HITRUST Health Data and AI}}",
    url  = "https://docs.microsoft.com/en-us/azure/security/blueprints/azure-health?WT.mc_id=aiucovvu-acom-dahouldi",
    addendum = "(accessed: 16.05.2019)",
    keywords = "Health"
}



@article{wilson2017datashield,
  title={"{DataSHIELD--new directions and dimensions}"},
  author={Wilson, Rebecca C and Butters, Oliver W and Avraam, Demetris and Baker, James and Tedds, Jonathan A and Turner, Andrew and Murtagh, Madeleine and Burton, Paul R},
  journal={Data Science Journal},
  volume={16},
  number={21},
  pages={1--21},
  year={2017},
  publisher={Committee on Data for Science and Technology}
}


@online{Beacon,
    author = "ELIXIR",
    title = "{\textit{ELIXIR Beacons to facilitate sharing of genomics data in Europe}}",
    url  = "https://elixir-europe.org/news/elixir-beacons-facilitate-sharing-genomics-data-europe",
    addendum = "(accessed: 16.05.2019)",
    keywords = "Genomics"
}

@misc{ISO27001,
    author = "International Organization for Standardization",
    title = "{\textit{ISO/IEC 27001:2013(E): Information technology — Security techniques — Information security management systems — Requirements}}",
    copyright = ISO / IEC 2013
    year = 2013
    url = https://www.iso.org/standard/54534.html
    addendum = "(accessed: 16.05.2019)",
    keywords = "ISO 27001"
}

@misc{ISO27002,
    author = "International Organization for Standardization/British Standards Institution",
    title = "{\textit{BS ISO/IEC 27002:2013: Information technology — Security Techniques — Code of practice for information security controls}}",
    copyright = British Standards Institution 2015
    year = 2013
    url = https://www.iso.org/standard/54533.html
    addendum = "(accessed: 16.05.2019)",
    keywords = "ISO 27002"
}

@online{GDPR,
    author = "European Union",
    title = "{\textit{General Data Protection Regulation (GDPR), 2018}}",
    url  = "https://gdpr-info.eu/",
    addendum = "(accessed: 17.05.2018)",
    keywords = "GDPR"
}



@online{DataGuardian,
    author = "UK Government",
    title = "{\textit{National Data Guardian for Health and Social Care}}",
    url  = "https://www.gov.uk/government/organisations/national-data-guardian",
    addendum = "(accessed: 16.05.2019)",
    keywords = "Guardian"
}


@online{DSPToolkit,
    author = "NHS Digital",
    title = "{\textit{Data Security and Protection Toolkit}}",
    url  = "https://www.dsptoolkit.nhs.uk/",
    addendum = "(accessed: 16.05.2019)",
    keywords = "Toolkit"
}


@online{SafeHavensCharter,
    author = "Scottish Government",
    title = "{\textit{Charter for Safe Havens}}",
    url  = "https://www.gov.scot/publications/charter-safe-havens-scotland-handling-unconsented-data-national-health-service-patient-records-support-research-statistics/pages/3/",
    addendum = "(accessed: 16.05.2019)",
    keywords = "Charter"
}


@online{DataLinkage,
    author = "Scottish Government",
    title = "{\textit{Guiding Principles for Data Linkage}}",
    url  = "https://www2.gov.scot/Resource/0040/00407739.pdf",
    addendum = "(accessed: 16.05.2019)",
    keywords = "Linkage"
}


@online{GenomicDataToolkit,
    author = "Global Alliance for Genomics and Health",
    title = "{\textit{Genomic Data Toolkit}}",
    url  = "https://www.ga4gh.org/genomic-data-toolkit/",
    addendum = "(accessed: 16.05.2019)",
    keywords = "Genomic"
}


@online{GenomicSharingFramework,
    author = "Global Alliance for Genomics and Health",
    title = "{\textit{Framework for Responsible Sharing of Genomic and Health-Related Data}}",
    url  = "https://ga4gh.edit.sanger.ac.uk/genomic-data-toolkit/regulatory-ethics-toolkit/framework-for-responsible-sharing-of-genomic-and-health-related-data/#ima",
    addendum = "(accessed: 16.05.2019)",
    keywords = "Genomic Framework"
}


@online{DUO,
    author = "Multiple",
    title = "{\textit{Data Use Ontology – the essentials (GitHub)}}",
    url  = "https://github.com/EBISPOT/DUO",
    addendum = "(accessed: 16.05.2019)",
    keywords = "Ontology"
}



@article{dyke2016consent,
  title={"{Consent codes: upholding standard data use conditions}"},
  author={Dyke, Stephanie OM and Philippakis, Anthony A and De Argila, Jordi Rambla and Paltoo, Dina N and Luetkemeier, Erin S and Knoppers, Bartha M and Brookes, Anthony J and Spalding, J Dylan and Thompson, Mark and Roos, Marco and others},
  journal={PLoS genetics},
  volume={12},
  number={1},
  pages={e1005772},
  year={2016},
  publisher={Public Library of Science}
}


@online{Datatags,
    author = "Harvard School of Engineering and Applied Sciences",
    title = "{\textit{DataTags Research}}",
    url  = "https://privacytools.seas.harvard.edu/datatags",
    addendum = "(accessed: 16.05.2019)",
    keywords = "Tagging"
}
@online{eurostat,
    author = "Steve Bond (ONS), Maurice Brandt (Destatis), Peter-Paul de Wolf (CBS)",
    title = "{\textit{Guidelines for Output Checking}}",
    url  = "https://ec.europa.eu/eurostat/cros/system/files/dwb_standalone-document_output-checking-guidelines.pdf_en",
    addendum = "(accessed: 20.11.2018)",
    keywords = "output checking"
}

@online{datatrust,
    author = "Open Data Institute",
    title = "{\textit{What is a data trust?}}",
    url  = " https://theodi.org/article/what-is-a-data-trust/",
    addendum = "(accessed: 3.6.2019)",
    keywords = "datatrust"
}

@article{classifications,
	title = {{\textit{Government Security Classifications version 1.1}}},
	author = {UK Cabinet Office},
	url = {https://assets.publishing.service.gov.uk/government/uploads/system/uploads/attachment_data/file/715778/May-2018_Government-Security-Classifications-2.pdf},
}

@inproceedings{spack,
 author = {Gamblin, Todd and LeGendre, Matthew and Collette, Michael R. and Lee, Gregory L. and Moody, Adam and de Supinski, Bronis R. and Futral, Scott},
 title = {"{The Spack Package Manager: Bringing Order to HPC Software Chaos}"},
 booktitle = {Proceedings of the International Conference for High Performance Computing, Networking, Storage and Analysis},
 series = {SC '15},
 year = {2015},
 isbn = {978-1-4503-3723-6},
 location = {Austin, Texas},
 pages = {40:1--40:12},
 articleno = {40},
 numpages = {12},
 url = {http://doi.acm.org/10.1145/2807591.2807623},
 doi = {10.1145/2807591.2807623},
 acmid = {2807623},
 publisher = {ACM},
 address = {New York, NY, USA},
}

@Manual{RCoreTeam,
    title = {R: A Language and Environment for Statistical Computing},
    author = {{R Core Team}},
    organization = {R Foundation for Statistical Computing},
    address = {Vienna, Austria},
    year = {2018},
    url = {https://www.R-project.org/},
  }

@online{nationalarchives2018,
    author = "National Archives",
    title = "{\textit{Guide to archiving personal data}}",
    url  = "http://www.nationalarchives.gov.uk/documents/information-management/guide-to-archiving-personal-data.pdf",
    addendum = "(accessed: 17.6.2019)",
    keywords = "nationalarchives"
}

@online{ICOpersonaldata,
    author = "Information Commissioner's Office",
    title = "What is personal data?",
    url = "https://ico.org.uk/for-organisations/guide-to-data-protection/guide-to-the-general-data-protection-regulation-gdpr/what-is-pers
    onal-data/what-is-personal-data/",
    addendum = "(accessed:17.6.2019)",
    keywords = "ICO",
}

@article{Rocher2019,
  title={"{Estimating the success of re-identifications in incomplete datasets using generative models}"},
  author={Rocher, Luc, Hendrickx, Julien M. and de Montjoye, Yves-Alexandre},
  journal={Nature Communications},
  volume={10},
  number={1},
  pages={3069},
  year={2019},
  publisher={Springer Nature}
}